@article{HendersonSellers10,
  author = {Henderson-Sellers, Brian and Ralyt{\'e}, Jolita},
  journal = {J. UCS.},
  pages = {424-478},
  title = {Situational Method Engineering: State-of-the-Art Review},
  volume = {16},
  year = {2010}
}

@inproceedings{Niknafs09,
 author = {Niknafs, Ali and Asadi, Mohsen},
 title = {Towards a Process Modeling Language for Method Engineering Support},
 booktitle = {2009 WRI World Congress on Computer Science and Information Engineering},
 year = {2009},
 volume = {07},
 isbn = {978-0-7695-3507-4},
 pages = {674--681},
 publisher = {IEEE Computer Society}
} 

@misc{spem,
    author = {{OMG}},
    title = {{Software {\&} Systems Process Engineering Metamodel (v2.0)}},
    year = {2007}
}

@misc{iso24744,
    author = {{ISO/IEC}},
    title = {{Software Engineering: Metamodel for Development Methodologies. ISO/IEC 24744}},
    year = {2007}
}

@incollection {Ralyte01a,
   author = {Ralyt{\'e}, Jolita and Rolland, Colette},
   title = {An Approach for Method Reengineering},
   booktitle = {ER 2001},
   series = {LNCS},
   editor = {S.Kunii, Hideko and Jajodia, Sushil and Sølvberg, Arne},
   publisher = {Springer Berlin / Heidelberg},
   pages = {471-484},
   volume = {2224},
   year = {2001}
}

@incollection {Ralyte01b,
   author = {Ralyt{\'e}, Jolita and Rolland, Colette},
   title = {An Assembly Process Model for Method Engineering},
   booktitle = {Advanced Information Systems Engineering},
   series = {LNCS},
   editor = {Dittrich, Klaus and Geppert, Andreas and Norrie, Moira},
   publisher = {Springer Berlin / Heidelberg},
   pages = {267-283},
   volume = {2068},
   year = {2001}
}

@misc{bpmn,
    author = {{OMG}},
    title = {{Business Process Model and Notation (v2.0)}},
    year = {2011}
}

@inproceedings{Cervera10,
 author = {Cervera, Mario and Albert, Manoli and Torres, Victoria and Pelechano, Vicente},
 title = {A methodological framework and software infrastructure for the construction of software production methods},
 booktitle = {ICSP 2010},
 series = {LNCS},
 editor = {Yang, Ye and M\"{u}nch, J\"{u}rgen and Sch\"{a}fer, Wilhelm},
 year = {2010},
 location = {Paderborn, Germany},
 pages = {112--125},
 volume = {6195},
 publisher = {Springer-Verlag},
 address = {Berlin, Heidelberg}
}

@INPROCEEDINGS{Cervera10b,
  author = {Mario Cervera and Manoli Albert and Victoria Torres and Vicente Pelechano and Begoa Bonet and Javier Cano},
  title = {A Technological Framework to support Model Driven Method Engineering},
  booktitle= {Actas de los Talleres de las JISBD},
  year = {2010},
  vol = {2},
  pages = {47-56}
}

@incollection {Cervera11,
   author = {Cervera, Mario and Albert, Manoli and Torres, Victoria and Pelechano, Vicente},
   affiliation = {Centro de Investigacin en Mtodos de Produccin de Software, Universidad Politcnica de Valencia, 46022 Valencia, Spain},
   title = {Turning Method Engineering Support into Reality},
   booktitle = {ME 2011},
   series = {IFIP AICT},
   editor = {Ralyt{\'e}, Jolita and Mirbel, Isabelle and Deneck{\`e}re, Rbecca},
   publisher = {Springer Boston},
   pages = {138-152},
   volume = {351},
   year = {2011}
}

@INPROCEEDINGS{Bergstra85,
  author = {Bergstra, J. and Jonkers, H. and Obbink, J.},
  title = {A Software Development Model for Method Engineering.},
  booktitle = {Esprit 1984: Status Report of Ongoing Work},
  year = {1985}
}

@ARTICLE{Brinkkemper96,
  author = {Sjaak Brinkkemper},
  title = {Method Engineering: Engineering of Information Systems Development
	Methods and Tools},
  journal = {Information and Software Technology},
  year = {1996},
  volume = {38},
  pages = {275-280}
}


@article{Brinkkemper99,
  author    = {Sjaak Brinkkemper and Motoshi Saeki and Frank Harmsen},
  title     = {Meta-Modelling Based Assembly Techniques for Situational Method Engineering},
  journal   = {Inf. Syst.},
  volume    = {24},
  year      = {1999},
  pages     = {209-228}
}

@article {Prakash97,
   author = {Prakash, Naveen},
   title = {Towards a formal definition of methods.},
   journal = {Requir. Eng.},
   publisher = {Springer London},
   issn = {0947-3602},
   pages = {23-50},
   volume = {2},
   year = {1997}
}

@article{Prakash99,
	author = {Prakash, Naveen},
	title = {On method statics and dynamics},
	journal = {Inf. Syst.},
	volume = {24},
	pages = {613-637},
	year = {1999}
}

@article {Gupta01,
   author = {Gupta, Daya and Prakash, Naveen},
   affiliation = {Delhi College of Engineering, Delhi, India IN},
   title = {Engineering Methods from Method Requirements Specifications.},
   journal = {Requirements Engineering.},
   publisher = {Springer London},
   issn = {0947-3602},
   keyword = {Computer Science},
   pages = {135-160},
   volume = {6},
   issue = {3},
   year = {2001}
}

@article{Cockburn00,
 author = {Cockburn, Alistair},
 title = {Selecting a Project's Methodology},
 journal = {IEEE Software},
 volume = {17},
 issue = {4},
 year = {2000},
 issn = {0740-7459},
 pages = {64-71},
 numpages = {8},
 doi = {10.1109/52.854070},
 acmid = {626155},
 publisher = {IEEE Computer Society Press}
}

@book{Firesmith02,
	publisher = {Addison-Wesley},
	author = {Firesmith, Donald and Henderson-Sellers, Brian},
	title = {The OPEN Process Framework: An Introduction},
	year = {2002}
}

@article{Karlsson04,
	author = {Fredrik Karlsson and Par J. {\AA}gerfalk},
	title = {Method configuration: adapting to situational characteristics while creating reusable assets},
	journal = {Information and Software Technology},
	volume = {46},
	pages = {619--633},
	year = {2004},
	issn = {0950-5849}
}

@article{Karlsson09,
	author = {Fredrik Karlsson and Par J. {\AA}gerfalk},
	title = {Towards Structured Flexibility in Information Systems Development: Devising a Method for Method Configuration},
	journal = {J. Database Manag.},
	volume = {20},
	year = {2009},
	pages = {51-75}
}

@incollection {Aharoni08,
   author = {Aharoni, Anat and Reinhartz-Berger, Iris},
   affiliation = {University of Haifa Department of Management Information Systems Haifa 31905 Israel},
   title = {A Domain Engineering Approach for Situational Method Engineering},
   booktitle = {ER 2008},
   series = {LNCS},
   editor = {Li, Qing and Spaccapietra, Stefano and Yu, Eric and Olivé, Antoni},
   publisher = {Springer Berlin / Heidelberg},
   isbn = {978-3-540-87876-6},
   keyword = {Computer Science},
   pages = {455-468},
   volume = {5231},
   year = {2008}
}

@misc{epf,
  author = {{Eclipse Process Framework}},
  howpublished = "\url{http://www.eclipse.org/epf/}"
}

@misc{activiti,
  author = {{Activiti}},
  howpublished = "\url{http://www.activiti.org/}"
}

@TECHREPORT{Cervera12,
  author = {Mario Cervera and Manoli Albert and Victoria Torres and Vicente Pelechano},
  title = {A Comparative Analysis of {SPEM} 2.0 and {BPMN} 2.0},
  institution = {Universidad Polit{\'e}cnica de Valencia},
  year = {2012},
  url = {http://www.pros.upv.es/index.php/en/technical-reports/}
}


